@misc{ wiki:xxx,
  author = "{Wikipedia contributors}",
  title = "Flash memory --- {Wikipedia}{,} The Free Encyclopedia",
  year = "2020",
  howpublished = "\url{https://en.wikipedia.org/w/index.php?title=Flash_memory&oldid=983344393}",
  note = "[Online; accessed 15-October-2020]"
}

@misc{uefi,
  author = "老狼",
  title = "专栏文章索引",
  year = "2020",
  howpublished = "\url{https://zhuanlan.zhihu.com/p/35786702}",
  note = "[Online; accessed 15-October-2020]"
}
